@misc{javascript_alternatives,
  author = {Islam, Saiful},
  title  = {JavaScript alternative (TypeScript) and its effectiveness in web development Degree Programme Software Engineering},
  url    = {https://www.theseus.fi/bitstream/handle/10024/795522/Islam_Saiful.pdf?sequence=2&isAllowed=y},
  year   = {2023},
  note   = {Available: \url{https://www.theseus.fi/bitstream/handle/10024/795522/Islam_Saiful.pdf?sequence=2&isAllowed=y}}
}

@misc{typescript,
  title        = {TypeScript - JavaScript that scales.},
  url          = {https://www.typescriptlang.org},
  organization = {Microsoft},
  note         = {Available: \url{https://www.typescriptlang.org}}
}

@misc{react,
  author       = {Meta Open Source},
  title        = {React},
  url          = {https://react.dev/},
  year         = {2024},
  organization = {Meta Platforms, Inc.},
  note         = {Available: \url{https://react.dev/}}
}

@misc{react_hooks,
  title        = {Built-in React Hooks – React},
  url          = {https://react.dev/reference/react/hooks},
  organization = {Meta Platforms, Inc.},
  note         = {Available: \url{https://react.dev/reference/react/hooks}}
}

@misc{react_stats,
  month        = {04},
  title        = {Top 30 Companies Using ReactJS Development},
  url          = {https://jaydevs.com/top-companies-using-react-js/},
  year         = {2023},
  organization = {JayDevs},
  note         = {Available: \url{https://jaydevs.com/top-companies-using-react-js/}}
}

@misc{frontend_framework_comparison,
  author = {Levlin, Mattias},
  title  = {DOM benchmark comparison of the front-end JavaScript frameworks React, Angular, Vue, and Svelte},
  url    = {https://www.doria.fi/bitstream/handle/10024/177433/levlin_mattias.pdf?sequence=2&isAllowed=y},
  year   = {2020},
  note   = {Available: \url{https://www.doria.fi/bitstream/handle/10024/177433/levlin_mattias.pdf?sequence=2&isAllowed=y}}
}

@misc{terraform,
  author       = {Hashicorp},
  title        = {What is Terraform | Terraform | HashiCorp Developer},
  url          = {https://developer.hashicorp.com/terraform/intro},
  year         = {2024},
  organization = {HashiCorp},
  note         = {Available: \url{https://developer.hashicorp.com/terraform/intro}}
}

@misc{java,
  title        = {Java in Web Development: Why is it the Language of Choice for Enterprise Applications?},
  url          = {https://www.itmagination.com/blog/java-in-web-development-why-is-it-the-language-of-choice-for-enterprise-applications},
  organization = {ITMAGINATION},
  note         = {Available: \url{https://www.itmagination.com/blog/java-in-web-development-why-is-it-the-language-of-choice-for-enterprise-applications}}
}

@misc{postgresql,
  author       = {PostgreSQL Global Development Group},
  title        = {PostgreSQL: About},
  url          = {https://www.postgresql.org/about/},
  year         = {2019},
  organization = {PostgreSQL Global Development Group},
  note         = {Available: \url{https://www.postgresql.org/about/}}
}

@misc{mysql_vs_postgres,
  title        = {MySQL vs. PostgreSQL - Comparing Relational Database Management Systems (RDBMS) - AWS},
  url          = {https://aws.amazon.com/compare/the-difference-between-mysql-vs-postgresql/},
  organization = {Amazon Web Services, Inc.},
  note         = {Available: \url{https://aws.amazon.com/compare/the-difference-between-mysql-vs-postgresql/}}
}

@misc{sqlite_vs_postgres,
  author       = {Abiodun Eesuola},
  month        = {06},
  publisher    = {DataCamp},
  title        = {SQLite vs PostgreSQL: A Detailed Comparison},
  url          = {https://www.datacamp.com/blog/sqlite-vs-postgresql-detailed-comparison},
  year         = {2024},
  organization = {DataCamp},
  note         = {Available: \url{https://www.datacamp.com/blog/sqlite-vs-postgresql-detailed-comparison}}
}

@misc{graphql,
  author       = {The GraphQL Foundation},
  title        = {GraphQL: A query language for APIs.},
  url          = {https://graphql.org/},
  year         = {2012},
  organization = {The GraphQL Foundation},
  note         = {Available: \url{https://graphql.org/}}
}

@misc{why_graphql,
  author       = {Schrade, Kyle},
  title        = {Why use GraphQL? | Apollo GraphQL Blog},
  url          = {https://www.apollographql.com/blog/why-use-graphql},
  organization = {Apollo GraphQL},
  note         = {Available: \url{https://www.apollographql.com/blog/why-use-graphql}}
}

@misc{gitlab,
  author       = {GitLab},
  title        = {GitLab CI/CD | GitLab},
  url          = {https://docs.gitlab.com/ee/ci/},
  organization = {GitLab Inc.},
  note         = {Available: \url{https://docs.gitlab.com/ee/ci/}}
}

@misc{astro_nextjs,
  author       = {Zoltan Fehervari},
  month        = {04},
  title        = {Astro vs Next.js - Zoltan Fehervari - Medium},
  url          = {https://medium.com/@fhrvri.mmxiv/astro-vs-next-js-3e9b3d57462d},
  year         = {2024},
  organization = {Medium},
  note         = {Available: \url{https://medium.com/@fhrvri.mmxiv/astro-vs-next-js-3e9b3d57462d}}
}

@misc{tailwindcss,
  author       = {Tailwind Labs},
  title        = {Tailwind CSS - Rapidly build modern websites without ever leaving your HTML.},
  url          = {https://tailwindcss.com/},
  year         = {2023},
  organization = {Tailwind Labs},
  note         = {Available: \url{https://tailwindcss.com/}}
}

@misc{apollo_client,
  title        = {Introduction to Apollo Client},
  url          = {https://www.apollographql.com/docs/react},
  year         = {2024},
  organization = {Apollo GraphQL},
  note         = {Available: \url{https://www.apollographql.com/docs/react}}
}

@misc{spring_boot,
  title        = {What is Java Spring Boot?—Intro to Spring Boot | Microsoft Azure},
  url          = {https://azure.microsoft.com/en-gb/resources/cloud-computing-dictionary/what-is-java-spring-boot},
  organization = {Microsoft Azure},
  note         = {Available: \url{https://azure.microsoft.com/en-gb/resources/cloud-computing-dictionary/what-is-java-spring-boot}}
}

@misc{netflix_stats,
  author       = {Iqbal, Mansoor},
  month        = {10},
  publisher    = {Business of Apps},
  title        = {Netflix Revenue and Usage Statistics (2024)},
  url          = {https://www.businessofapps.com/data/netflix-statistics/},
  year         = {2024},
  organization = {Business of Apps},
  note         = {Available: \url{https://www.businessofapps.com/data/netflix-statistics/}}
}

@misc{what_is_aws,
  author       = {AWS},
  title        = {What Is AWS? - Amazon Web Services},
  url          = {https://aws.amazon.com/what-is-aws/},
  year         = {2024},
  organization = {Amazon Web Services, Inc.},
  note         = {Available: \url{https://aws.amazon.com/what-is-aws/}}
}

@misc{amazon_statistics,
  author       = {Richter, Felix},
  month        = {04},
  publisher    = {Statista},
  title        = {Infographic: Amazon Dominates Public Cloud Market},
  url          = {https://www.statista.com/chart/18819/worldwide-market-share-of-leading-cloud-infrastructure-service-providers/},
  year         = {2024},
  organization = {Statista},
  note         = {Available: \url{https://www.statista.com/chart/18819/worldwide-market-share-of-leading-cloud-infrastructure-service-providers/}}
}

@misc{stripe,
  author       = {Stripe},
  title        = {Online payment processing for internet businesses - Stripe},
  url          = {https://stripe.com/gb},
  year         = {2024},
  organization = {Stripe, Inc.},
  note         = {Available: \url{https://stripe.com/gb}}
}

@misc{dgs,
  title        = {Home - DGS Framework},
  url          = {https://netflix.github.io/dgs/},
  organization = {Netflix},
  note         = {Available: \url{https://netflix.github.io/dgs/}}
}

@misc{n_tier_architecture,
  title        = {N-tier architecture style - Azure Architecture Center},
  url          = {https://learn.microsoft.com/en-us/azure/architecture/guide/architecture-styles/n-tier},
  organization = {Microsoft Learn},
  note         = {Available: \url{https://learn.microsoft.com/en-us/azure/architecture/guide/architecture-styles/n-tier}}
}

@misc{ibm_2023_architecture,
  author       = {IBM},
  title        = {What is Three-Tier Architecture | IBM},
  url          = {https://www.ibm.com/topics/three-tier-architecture},
  year         = {2023},
  organization = {IBM},
  note         = {Available: \url{https://www.ibm.com/topics/three-tier-architecture}}
}

@misc{ecommerce_users,
  title        = {E-commerce users in the United Kingdom 2025},
  url          = {https://www.statista.com/forecasts/477128/e-commerce-users-in-the-united-kingdom},
  organization = {Statista},
  note         = {Available: \url{https://www.statista.com/forecasts/477128/e-commerce-users-in-the-united-kingdom}}
}

@article{amazon_competition,
  author  = {Zhu, Feng and Liu, Qihong},
  title   = {Competing with Complementors: an Empirical Look at Amazon.com},
  doi     = {10.2139/ssrn.2533616},
  url     = {https://www.hbs.edu/ris/Publication%20Files/amazon_2018-06-05_4a83c515-af0c-4366-9fba-8fb059d0b4f6.pdf},
  year    = {2014},
  journal = {SSRN Electronic Journal},
  note    = {Available: \url{https://www.hbs.edu/ris/Publication%20Files/amazon_2018-06-05_4a83c515-af0c-4366-9fba-8fb059d0b4f6.pdf}}
}

@misc{fee_based_services,
  author = {Wang Cheng and Zhang Yue and Li Richard Ye and Nguyen, Dat-Dao},
  title  = {Wang et al.: Subscribe to Fee-Based Web Services SUBSCRIPTION TO FEE-BASED ONLINE SERVICES: WHAT MAKES CONSUMER PAY FOR ONLINE CONTENT?},
  url    = {http://ojs.jecr.org/jecr/sites/default/files/paper4_20.pdf},
  year   = {2005},
  note   = {Available: \url{http://ojs.jecr.org/jecr/sites/default/files/paper4_20.pdf}}
}

@misc{saas_architecture_pricing,
  author       = {Laatikainen, G. and Ojala, A.},
  month        = {06},
  pages        = {597–604},
  title        = {SaaS Architecture and Pricing Models},
  doi          = {10.1109/SCC.2014.84},
  url          = {https://ieeexplore.ieee.org/document/6930585?denied=},
  year         = {2014},
  organization = {IEEE Xplore},
  note         = {Available: \url{https://ieeexplore.ieee.org/document/6930585?denied=}}
}

@misc{license_vs_subscription_pricing,
  title        = {What's the Best Pricing Model for Your Business?},
  url          = {https://www.business.com/articles/pricing-license-vs-subscription/},
  organization = {Business.com},
  note         = {Available: \url{https://www.business.com/articles/pricing-license-vs-subscription/}}
}

@misc{user_stories,
  author       = {Rehkopf, Max},
  publisher    = {Atlassian},
  title        = {User Stories},
  url          = {https://www.atlassian.com/agile/project-management/user-stories},
  year         = {2019},
  organization = {Atlassian},
  note         = {Available: \url{https://www.atlassian.com/agile/project-management/user-stories}}
}

@misc{event_driven_architecture,
  author       = {IBM},
  title        = {Event-Driven Architecture | IBM},
  url          = {https://www.ibm.com/topics/event-driven-architecture},
  organization = {IBM},
  note         = {Available: \url{https://www.ibm.com/topics/event-driven-architecture}}
}

@misc{aws_microservices,
  author       = {AWS},
  title        = {What are Microservices?},
  url          = {https://aws.amazon.com/microservices/},
  organization = {Amazon Web Services, Inc.},
  note         = {Available: \url{https://aws.amazon.com/microservices/}}
}

@misc{ibm_serverless,
  author       = {IBM},
  title        = {What is Serverless Computing?},
  url          = {https://www.ibm.com/topics/serverless},
  organization = {IBM},
  note         = {Available: \url{https://www.ibm.com/topics/serverless}}
}

@misc{mvc,
  author       = {GeeksforGeeks},
  month        = {02},
  title        = {MVC Design Pattern - GeeksforGeeks},
  url          = {https://www.geeksforgeeks.org/mvc-design-pattern/},
  year         = {2024},
  organization = {GeeksforGeeks},
  note         = {Available: \url{https://www.geeksforgeeks.org/mvc-design-pattern/}}
}

@misc{component_architecture,
  author       = {Gillin, Paul},
  month        = {04},
  title        = {What is Component-Based Architecture?},
  url          = {https://www.mendix.com/blog/what-is-component-based-architecture/},
  year         = {2022},
  organization = {Mendix},
  note         = {Available: \url{https://www.mendix.com/blog/what-is-component-based-architecture/}}
}

@misc{singleton,
  author       = {GeeksforGeeks},
  month        = {08},
  title        = {Singleton Method Design Pattern},
  url          = {https://www.geeksforgeeks.org/singleton-design-pattern/},
  year         = {2024},
  organization = {GeeksforGeeks},
  note         = {Available: \url{https://www.geeksforgeeks.org/singleton-design-pattern/}}
}

@misc{owasp_10,
  author       = {OWASP Foundation},
  publisher    = {OWASP Foundation},
  title        = {OWASP Top Ten},
  url          = {https://owasp.org/www-project-top-ten/},
  year         = {2024},
  organization = {OWASP Foundation},
  note         = {Available: \url{https://owasp.org/www-project-top-ten/}}
}

@misc{jwt,
  author       = {GeeksforGeeks},
  month        = {08},
  title        = {JSON Web Token (JWT) - GeeksforGeeks},
  url          = {https://www.geeksforgeeks.org/json-web-token-jwt/},
  year         = {2024},
  organization = {GeeksforGeeks},
  note         = {Available: \url{https://www.geeksforgeeks.org/json-web-token-jwt/}}
}

@misc{ico_data_minimisation,
  author       = {Information Commissioner's Office (ICO)},
  month        = {05},
  title        = {8. Data minimisation},
  url          = {https://ico.org.uk/for-organisations/uk-gdpr-guidance-and-resources/childrens-information/childrens-code-guidance-and-resources/age-appropriate-design-a-code-of-practice-for-online-services/8-data-minimisation/},
  year         = {2023},
  organization = {Information Commissioner's Office (ICO)},
  note         = {Available: \url{https://ico.org.uk/for-organisations/uk-gdpr-guidance-and-resources/childrens-information/childrens-code-guidance-and-resources/age-appropriate-design-a-code-of-practice-for-online-services/8-data-minimisation/}}
}

@misc{aws_iac,
  author       = {AWS},
  title        = {What is Infrastructure as Code?},
  url          = {https://aws.amazon.com/what-is/iac/},
  organization = {Amazon Web Services, Inc.},
  note         = {Available: \url{https://aws.amazon.com/what-is/iac/}}
}

@misc{aws_benefits,
  author       = {AWS},
  title        = {Six Advantages of Cloud Computing - Overview of Amazon Web Services},
  url          = {https://docs.aws.amazon.com/whitepapers/latest/aws-overview/six-advantages-of-cloud-computing.html},
  year         = {2023},
  organization = {Amazon Web Services, Inc.},
  note         = {Available: \url{https://docs.aws.amazon.com/whitepapers/latest/aws-overview/six-advantages-of-cloud-computing.html}}
}


@misc{nextjs_showcase,
  title = {Showcase | Next.js},
  url = {https://nextjs.org/showcase},
  organization = {nextjs.org},
note = {Available: \url{https://nextjs.org/showcase}}
}

@misc{why_redis,
    title = {15-reasons-caching-is-best-done-with-redis},
    url ={https://redis.io/resources/15-reasons-caching-is-best-done-with-redis/#:~:text=An%20application%20cache%20gives%20you,requests%20to%20external%20data%20sources.},
    organization = {redis.io},
    note = {Available: \url{https://redis.io/resources/15-reasons-caching-is-best-done-with-redis/#:~:text=An%20application%20cache%20gives%20you,requests%20to%20external%20data%20sources.}}
}

@misc{kafka,
    title = "Kafka",
    author = "Kafka",
    note = {Available: \url{https://kafka.apache.org/}}
}

@misc{ibm_rbac,
    title = "IBM Role based access control",
    author = "IBM",
    note = {Available: \url{https://www.ibm.com/think/topics/rbac/}}
}

@misc{aws_sg,
    title = "AWS Security Groups",
    author = "AWS",
    note = {Available: \url{https://docs.aws.amazon.com/vpc/latest/userguide/vpc-security-groups.html}}
}

@misc{aws_cache,
    title = "AWS Elasticache",
    author = "AWS",
    note = {Available: \url{https://aws.amazon.com/elasticache/}}
}
@misc{aws_msk,
    title = "AWS MSK",
    author = "AWS",
    note = {Available: \url{https://aws.amazon.com/msk/}}
}

@misc{aws_rds,
    title = "AWS RDS",
    author = "AWS",
    note = {Available: \url{https://aws.amazon.com/rds/}}
}

@misc{aws_s3,
    title = "AWS S3",
    author = "AWS",
    note = {Available: \url{https://aws.amazon.com/s3/}}
}

@misc{aws_dynamodb,
    title = "AWS DynamoDB",
    author = "AWS",
    note = {Available: \url{https://aws.amazon.com/dynamodb/}}
}
@misc{aws_cognito,
    title = "AWS Cognito",
    author = "AWS",
    note = {Available: \url{https://aws.amazon.com/cognito/}}
}
@misc{aws_codepipeline,
    title = "AWS Codepipeline",
    author = "AWS",
    note = {Available: \url{https://aws.amazon.com/codepipeline/features/?nc=sn&loc=2}}
}

@misc{search_engine_stat_counter,
    title = "Search engine market share stat counter",
    author = "Stat Counter",
    note = {Available: \url{https://gs.statcounter.com/search-engine-market-share2}}
}

@misc{google_lawsuits,
    title = "Google lawsuits",
    author = "Stat Counter",
    note = {Available: \url{https://www.pbs.org/newshour/politics/google-faces-off-against-u-s-government-attempt-to-break-up-company-in-search-monopoly-case}}
}