@misc{javascript_alternatives,
  author = {Islam, Saiful},
  title = {JavaScript alternative (TypeScript) and its effectiveness in web development Degree Programme Software Engineering},
  url = {https://www.theseus.fi/bitstream/handle/10024/795522/Islam_Saiful.pdf?sequence=2&isAllowed=y},
  year = {2023}
}

@misc{typescript,
  title = {TypeScript - JavaScript that scales.},
  url = {https://www.typescriptlang.org},
  organization = {www.typescriptlang.org}
}

@misc{react,
  author = {Meta Open Source},
  title = {React},
  url = {https://react.dev/},
  year = {2024},
  organization = {react.dev}
}

@misc{react_hooks,
  title = {Built-in React Hooks – React},
  url = {https://react.dev/reference/react/hooks},
  organization = {react.dev}
}

@misc{react_stats,
  month = {04},
  title = {Top 30 Companies Using ReactJS Development},
  url = {https://jaydevs.com/top-companies-using-react-js/},
  year = {2023},
  organization = {JayDevs}
}

@misc{frontend_framework_comparison,
  author = {Levlin, Mattias},
  title = {DOM benchmark comparison of the front-end JavaScript frameworks React, Angular, Vue, and Svelte},
  url = {https://www.doria.fi/bitstream/handle/10024/177433/levlin_mattias.pdf?sequence=2&isAllowed=y},
  year = {2020}
}

@misc{terraform,
  author = {Hashicorp},
  title = {What is Terraform | Terraform | HashiCorp Developer},
  url = {https://developer.hashicorp.com/terraform/intro},
  year = {2024},
  organization = {What is Terraform | Terraform | HashiCorp Developer}
}

@misc{java,
  title = {Java in Web Development: Why is it the Language of Choice for Enterprise Applications?},
  url = {https://www.itmagination.com/blog/java-in-web-development-why-is-it-the-language-of-choice-for-enterprise-applications},
  organization = {www.itmagination.com}
}

@misc{postgresql,
  author = {PostgreSQL},
  title = {PostgreSQL: About},
  url = {https://www.postgresql.org/about/},
  year = {2019},
  organization = {Postgresql.org}
}

@misc{mysql_vs_postgres,
  title = {MySQL vs. PostgreSQL - Comparing Relational Database Management Systems (RDBMS) - AWS},
  url = {https://aws.amazon.com/compare/the-difference-between-mysql-vs-postgresql/},
  organization = {Amazon Web Services, Inc.}
}

@misc{sqlite_vs_postgres,
  author = {Abiodun Eesuola},
  month = {06},
  publisher = {DataCamp},
  title = {SQLite vs PostgreSQL: A Detailed Comparison},
  url = {https://www.datacamp.com/blog/sqlite-vs-postgresql-detailed-comparison},
  urldate = {2024-12-11},
  year = {2024},
  organization = {Datacamp.com}
}

@misc{graphql,
  author = {The GraphQL Foundation},
  title = {GraphQL: A query language for APIs.},
  url = {https://graphql.org/},
  year = {2012},
  organization = {Graphql.org}
}

@misc{why_graphql,
  author = {Schrade, Kyle},
  title = {Why use GraphQL? | Apollo GraphQL Blog},
  url = {https://www.apollographql.com/blog/why-use-graphql},
  organization = {www.apollographql.com}
}

@misc{gitlab,
  author = {GitLab},
  title = {GitLab CI/CD | GitLab},
  url = {https://docs.gitlab.com/ee/ci/},
  organization = {docs.gitlab.com}
}

@misc{astro_nextjs,
  author = {Zoltan Fehervari},
  month = {04},
  title = {Astro vs Next.js - Zoltan Fehervari - Medium},
  url = {https://medium.com/@fhrvri.mmxiv/astro-vs-next-js-3e9b3d57462d},
  urldate = {2024-12-11},
  year = {2024},
  organization = {Medium}
}

@misc{tailwindcss,
  author = {tailwindcss},
  title = {Tailwind CSS - Rapidly build modern websites without ever leaving your HTML.},
  url = {https://tailwindcss.com/},
  year = {2023},
  organization = {tailwindcss.com}
}

@misc{apollo_client,
  title = {Introduction to Apollo Client},
  url = {https://www.apollographql.com/docs/react},
  urldate = {2024-12-11},
  year = {2024},
  organization = {Apollo GraphQL Docs}
}

@misc{spring_boot,
  title = {What is Java Spring Boot?—Intro to Spring Boot | Microsoft Azure},
  url = {https://azure.microsoft.com/en-gb/resources/cloud-computing-dictionary/what-is-java-spring-boot},
  organization = {azure.microsoft.com}
}

@misc{netflix_stats,
  author = {Iqbal, Mansoor},
  month = {10},
  publisher = {Business of Apps},
  title = {Netflix Revenue and Usage Statistics (2024)},
  url = {https://www.businessofapps.com/data/netflix-statistics/},
  year = {2024},
  organization = {Business of Apps}
}

@misc{what_is_aws,
  author = {AWS},
  title = {What Is AWS? - Amazon Web Services},
  url = {https://aws.amazon.com/what-is-aws/},
  year = {2024},
  organization = {Amazon Web Services, Inc.}
}

@misc{amazon_statistics,
  author = {Richter, Felix},
  month = {04},
  publisher = {Statista},
  title = {Infographic: Amazon Dominates Public Cloud Market},
  url = {https://www.statista.com/chart/18819/worldwide-market-share-of-leading-cloud-infrastructure-service-providers/},
  year = {2024},
  organization = {Statista Infographics}
}

@misc{stripe,
  author = {Stripe},
  title = {Online payment processing for internet businesses - Stripe},
  url = {https://stripe.com/gb},
  year = {2024},
  organization = {stripe.com}
}

@misc{dgs,
  title = {Home - DGS Framework},
  url = {https://netflix.github.io/dgs/},
  organization = {netflix.github.io}
}

@misc{n_tier_architecture,
  title = {N-tier architecture style - Azure Architecture Center},
  url = {https://learn.microsoft.com/en-us/azure/architecture/guide/architecture-styles/n-tier},
  organization = {learn.microsoft.com}
}

@misc{ibm_2023_architecture,
  author = {IBM},
  title = {What is Three-Tier Architecture | IBM},
  url = {https://www.ibm.com/topics/three-tier-architecture},
  year = {2023},
  organization = {www.ibm.com}
}

@misc{ecommerce_users,
  title = {E-commerce users in the United Kingdom 2025},
  url = {https://www.statista.com/forecasts/477128/e-commerce-users-in-the-united-kingdom},
  organization = {Statista}
}

@article{amazon_competition,
  author = {Zhu, Feng and Liu, Qihong},
  title = {Competing with Complementors: an Empirical Look at Amazon.com},
  doi = {10.2139/ssrn.2533616},
  url = {https://www.hbs.edu/ris/Publication%20Files/amazon_2018-06-05_4a83c515-af0c-4366-9fba-8fb059d0b4f6.pdf},
  year = {2014},
  journal = {SSRN Electronic Journal}
}

@misc{fee_based_services,
  author = {Wang Cheng, Zhang Yue, Li Richard Ye and Nguyen, Dat-Dao},
  title = {Wang et al.: Subscribe to Fee-Based Web Services SUBSCRIPTION TO FEE-BASED ONLINE SERVICES: WHAT MAKES CONSUMER PAY FOR ONLINE CONTENT?},
  url = {http://ojs.jecr.org/jecr/sites/default/files/paper4_20.pdf},
  year = {2005}
}

@misc{saas_architecture_pricing,
  author = {Laatikainen, G. and Ojala, A.},
  month = {06},
  pages = {597–604},
  title = {SaaS Architecture and Pricing Models},
  doi = {10.1109/SCC.2014.84},
  url = {https://ieeexplore.ieee.org/document/6930585?denied=},
  year = {2014},
  organization = {IEEE Xplore}
}


@misc{license_vs_subscription_pricing,
  title = {What's the Best Pricing Model for Your Business?},
  url = {https://www.business.com/articles/pricing-license-vs-subscription/},
  organization = {business.com}
}

@misc{user_stories,
  author = {Rehkopf, Max},
  publisher = {Atlassian},
  title = {User Stories},
  url = {https://www.atlassian.com/agile/project-management/user-stories},
  year = {2019},
  organization = {Atlassian}
}

@misc{event_driven_architecture,
  author = {IBM},
  title = {Event-Driven Architecture | IBM},
  url = {https://www.ibm.com/topics/event-driven-architecture},
  organization = {www.ibm.com}
}

@misc{aws_microservices,
  author = {AWS},
  title = {What are Microservices?},
  url = {https://aws.amazon.com/microservices/},
  organization = {Amazon Web Services, Inc.}
}

@misc{ibm_serverless,
  author = {IBM},
  title = {What is Serverless Computing?},
  url = {https://www.ibm.com/topics/serverless},
  organization = {www.ibm.com}
}

@misc{mvc,
  author = {GeeksforGeeks},
  month = {02},
  title = {MVC Design Pattern - GeeksforGeeks},
  url = {https://www.geeksforgeeks.org/mvc-design-pattern/},
  year = {2024},
  organization = {GeeksforGeeks}
}

@misc{component_architecture,
  author = {Gillin, Paul},
  month = {04},
  title = {What is Component-Based Architecture?},
  url = {https://www.mendix.com/blog/what-is-component-based-architecture/},
  year = {2022},
  organization = {Mendix}
}

@misc{singleton,
  author = {GeeksforGeeks},
  month = {08},
  title = {Singleton Method Design Pattern},
  url = {https://www.geeksforgeeks.org/singleton-design-pattern/},
  year = {2024},
  organization = {GeeksforGeeks}
}

@misc{owasp_10,
  author = {OWASP},
  publisher = {OWASP},
  title = {OWASP Top Ten},
  url = {https://owasp.org/www-project-top-ten/},
  year = {2024},
  organization = {Owasp.org}
}

@misc{jwt,
  author = {GeeksforGeeks},
  month = {08},
  title = {JSON Web Token (JWT) - GeeksforGeeks},
  url = {https://www.geeksforgeeks.org/json-web-token-jwt/},
  year = {2024},
  organization = {GeeksforGeeks}
}

@misc{ico_data_minimisation,
  author = {ICO},
  month = {05},
  title = {8. Data minimisation},
  url = {https://ico.org.uk/for-organisations/uk-gdpr-guidance-and-resources/childrens-information/childrens-code-guidance-and-resources/age-appropriate-design-a-code-of-practice-for-online-services/8-data-minimisation/},
  year = {2023},
  organization = {ico.org.uk}
}

@misc{aws_iac,
  author = {AWS},
  title = {What is Infrastructure as Code?},
  url = {https://aws.amazon.com/what-is/iac/},
  organization = {Amazon Web Services, Inc.}
}

@misc{aws_benefits,
  author = {AWS},
  title = {Six Advantages of Cloud Computing - Overview of Amazon Web Services},
  url = {https://docs.aws.amazon.com/whitepapers/latest/aws-overview/six-advantages-of-cloud-computing.html},
  year = {2023},
  organization = {docs.aws.amazon.com}
}

@misc{nextjs_showcase,
  title = {Showcase | Next.js},
  url = {https://nextjs.org/showcase},
  organization = {nextjs.org}
}